<?xml version="1.0" encoding="UTF-8"?><collection xmlns="http://www.loc.gov/MARC21/slim"><record><leader>00378nam--2200157-i-4500</leader><controlfield tag="001">000007870</controlfield><controlfield tag="002">20161230</controlfield><controlfield tag="005">20170221231121</controlfield><controlfield tag="008">060222s1000------------r-----000-0-eng-d</controlfield><datafield ind1=" " ind2=" " tag="100"><subfield code="a">Cremer, Erika</subfield></datafield><datafield ind1=" " ind2=" " tag="245"><subfield code="a">Ehrung</subfield></datafield><datafield ind1=" " ind2=" " tag="260"><subfield code="a">Berlin</subfield><subfield code="b">Technischen Universitat</subfield><subfield code="c">1966</subfield></datafield><datafield ind1=" " ind2=" " tag="300"><subfield code="a">32 p</subfield></datafield><datafield ind1=" " ind2=" " tag="490"><subfield code="a">Akademische Reden</subfield></datafield><datafield ind1=" " ind2=" " tag="700"><subfield code="a">Orowan, Egon</subfield></datafield><datafield ind1=" " ind2=" " tag="CAT"><subfield code="a">SYS</subfield><subfield code="c">20170221</subfield><subfield code="h">231121</subfield></datafield></record></collection>